<?xml version="1.0" encoding="UTF-8"?>
  <record xmlns="http://www.loc.gov/MARC21/slim" type="Authority">
    <leader>00000nz  a2200000nc 4500</leader>
    <controlfield tag="001">118631349</controlfield>
    <controlfield tag="003">DE-101</controlfield>
    <controlfield tag="005">20200706144630.0</controlfield>
    <controlfield tag="008">880701n||azznnaabn           | aaa    |c</controlfield>
    <datafield tag="024" ind1="7" ind2=" ">
      <subfield code="a">118631349</subfield>
      <subfield code="0">http://d-nb.info/gnd/118631349</subfield>
      <subfield code="2">gnd</subfield>
    </datafield>
    <datafield tag="035" ind1=" " ind2=" ">
      <subfield code="a">(DE-101)118631349</subfield>
    </datafield>
    <datafield tag="035" ind1=" " ind2=" ">
      <subfield code="a">(DE-588)118631349</subfield>
    </datafield>
    <datafield tag="035" ind1=" " ind2=" ">
      <subfield code="z">(DE-588)1089642547</subfield>
    </datafield>
    <datafield tag="035" ind1=" " ind2=" ">
      <subfield code="z">(DE-588a)118631349</subfield>
      <subfield code="9">v:zg</subfield>
    </datafield>
    <datafield tag="035" ind1=" " ind2=" ">
      <subfield code="z">(DE-588c)4065516-7</subfield>
      <subfield code="9">v:zg</subfield>
    </datafield>
    <datafield tag="040" ind1=" " ind2=" ">
      <subfield code="a">DE-101</subfield>
      <subfield code="c">DE-101</subfield>
      <subfield code="9">r:DE-101</subfield>
      <subfield code="b">ger</subfield>
      <subfield code="d">0018</subfield>
    </datafield>
    <datafield tag="042" ind1=" " ind2=" ">
      <subfield code="a">gnd1</subfield>
    </datafield>
    <datafield tag="043" ind1=" " ind2=" ">
      <subfield code="c">XA-DE</subfield>
      <subfield code="c">XA-CZ</subfield>
    </datafield>
    <datafield tag="065" ind1=" " ind2=" ">
      <subfield code="a">16.5p</subfield>
      <subfield code="2">sswd</subfield>
    </datafield>
    <datafield tag="075" ind1=" " ind2=" ">
      <subfield code="b">p</subfield>
      <subfield code="2">gndgen</subfield>
    </datafield>
    <datafield tag="075" ind1=" " ind2=" ">
      <subfield code="b">piz</subfield>
      <subfield code="2">gndspec</subfield>
    </datafield>
    <datafield tag="079" ind1=" " ind2=" ">
      <subfield code="a">g</subfield>
      <subfield code="q">s</subfield>
      <subfield code="q">f</subfield>
      <subfield code="q">n</subfield>
      <subfield code="q">a</subfield>
      <subfield code="q">o</subfield>
      <subfield code="q">l</subfield>
      <subfield code="q">e</subfield>
      <subfield code="u">w</subfield>
      <subfield code="u">o</subfield>
    </datafield>
    <datafield tag="100" ind1="0" ind2=" ">
      <subfield code="a">Wenzel</subfield>
      <subfield code="c">Heiliges Römisches Reich, König</subfield>
      <subfield code="d">1361-1419</subfield>
    </datafield>
    <datafield tag="375" ind1=" " ind2=" ">
      <subfield code="a">1</subfield>
      <subfield code="2">iso5218</subfield>
    </datafield>
    <datafield tag="400" ind1="0" ind2=" ">
      <subfield code="a">Wenzel</subfield>
      <subfield code="c">der Faule</subfield>
      <subfield code="d">1361-1419</subfield>
    </datafield>
    <datafield tag="400" ind1="0" ind2=" ">
      <subfield code="a">Wenzel</subfield>
      <subfield code="b">IV.</subfield>
      <subfield code="c">Böhmen, König</subfield>
      <subfield code="d">1361-1419</subfield>
    </datafield>
    <datafield tag="400" ind1="0" ind2=" ">
      <subfield code="a">Václav</subfield>
      <subfield code="b">IV.</subfield>
      <subfield code="c">král</subfield>
      <subfield code="d">1361-1419</subfield>
    </datafield>
    <datafield tag="400" ind1="0" ind2=" ">
      <subfield code="a">Wenceslas</subfield>
      <subfield code="c">Bohème, Roi</subfield>
      <subfield code="d">1361-1419</subfield>
    </datafield>
    <datafield tag="400" ind1="0" ind2=" ">
      <subfield code="a">Venceslaus</subfield>
      <subfield code="b">IV.</subfield>
      <subfield code="c">Böhmen, König</subfield>
      <subfield code="d">1361-1419</subfield>
    </datafield>
    <datafield tag="400" ind1="0" ind2=" ">
      <subfield code="a">Vaclav</subfield>
      <subfield code="b">IV.</subfield>
      <subfield code="c">Böhmen, König</subfield>
      <subfield code="d">1361-1419</subfield>
    </datafield>
    <datafield tag="400" ind1="0" ind2=" ">
      <subfield code="a">Wenceslaus</subfield>
      <subfield code="c">Germany, Emperor</subfield>
      <subfield code="d">1361-1419</subfield>
    </datafield>
    <datafield tag="400" ind1="0" ind2=" ">
      <subfield code="a">Wenceslaus</subfield>
      <subfield code="c">Imperium Romanum-Germanicum, Rex</subfield>
      <subfield code="d">1361-1419</subfield>
    </datafield>
    <datafield tag="400" ind1="0" ind2=" ">
      <subfield code="a">Wentzel</subfield>
      <subfield code="c">König</subfield>
      <subfield code="d">1361-1419</subfield>
    </datafield>
    <datafield tag="400" ind1="0" ind2=" ">
      <subfield code="a">Wenzel</subfield>
      <subfield code="c">Germany, Emperor</subfield>
      <subfield code="d">1361-1419</subfield>
    </datafield>
    <datafield tag="400" ind1="0" ind2=" ">
      <subfield code="a">Wenceslaus</subfield>
      <subfield code="c">Bohemia, Rex</subfield>
      <subfield code="d">1361-1419</subfield>
    </datafield>
    <datafield tag="400" ind1="0" ind2=" ">
      <subfield code="a">Wenceslaus</subfield>
      <subfield code="c">Germania, Rex</subfield>
      <subfield code="d">1361-1419</subfield>
    </datafield>
    <datafield tag="400" ind1="0" ind2=" ">
      <subfield code="a">Wenceslaus</subfield>
      <subfield code="c">Romanorum Bohemiaeque Rex</subfield>
      <subfield code="d">1361-1419</subfield>
    </datafield>
    <datafield tag="400" ind1="0" ind2=" ">
      <subfield code="a">Wenzeslaus</subfield>
      <subfield code="b">IV.</subfield>
      <subfield code="c">Böhmen, König</subfield>
      <subfield code="d">1361-1419</subfield>
    </datafield>
    <datafield tag="400" ind1="0" ind2=" ">
      <subfield code="a">Wenzeslaus</subfield>
      <subfield code="c">Germany, Emperor</subfield>
      <subfield code="d">1361-1419</subfield>
    </datafield>
    <datafield tag="400" ind1="0" ind2=" ">
      <subfield code="a">Venceslaus</subfield>
      <subfield code="c">Germany, Emperor</subfield>
      <subfield code="d">1361-1419</subfield>
    </datafield>
    <datafield tag="400" ind1="0" ind2=" ">
      <subfield code="a">Václav</subfield>
      <subfield code="c">Germany, Emperor</subfield>
      <subfield code="d">1361-1419</subfield>
    </datafield>
    <datafield tag="400" ind1="0" ind2=" ">
      <subfield code="a">Wenceslas</subfield>
      <subfield code="c">Bohemia, King</subfield>
      <subfield code="d">1361-1419</subfield>
    </datafield>
    <datafield tag="400" ind1="0" ind2=" ">
      <subfield code="a">Venceslaus</subfield>
      <subfield code="b">IV.</subfield>
      <subfield code="c">Bohemia, King</subfield>
      <subfield code="d">1361-1419</subfield>
    </datafield>
    <datafield tag="400" ind1="0" ind2=" ">
      <subfield code="a">Václav</subfield>
      <subfield code="b">IV.</subfield>
      <subfield code="c">Bohemia, King</subfield>
      <subfield code="d">1361-1419</subfield>
    </datafield>
    <datafield tag="400" ind1="0" ind2=" ">
      <subfield code="a">Wenzel</subfield>
      <subfield code="c">Bohemia, King</subfield>
      <subfield code="d">1361-1419</subfield>
    </datafield>
    <datafield tag="500" ind1="0" ind2=" ">
      <subfield code="0">(DE-101)118560085</subfield>
      <subfield code="0">(DE-588)118560085</subfield>
      <subfield code="0">https://d-nb.info/gnd/118560085</subfield>
      <subfield code="a">Karl</subfield>
      <subfield code="b">IV.</subfield>
      <subfield code="c">Heiliges Römisches Reich, Kaiser</subfield>
      <subfield code="d">1316-1378</subfield>
      <subfield code="4">bezf</subfield>
      <subfield code="4">https://d-nb.info/standards/elementset/gnd#familialRelationship</subfield>
      <subfield code="w">r</subfield>
      <subfield code="i">Beziehung familiaer</subfield>
      <subfield code="e">Beziehung familiaer</subfield>
      <subfield code="9">v:Vater</subfield>
    </datafield>
    <datafield tag="500" ind1="0" ind2=" ">
      <subfield code="0">(DE-101)136828868</subfield>
      <subfield code="0">(DE-588)136828868</subfield>
      <subfield code="0">https://d-nb.info/gnd/136828868</subfield>
      <subfield code="a">Anna</subfield>
      <subfield code="c">Heiliges Römisches Reich, Kaiserin</subfield>
      <subfield code="d">1339-1362</subfield>
      <subfield code="4">bezf</subfield>
      <subfield code="4">https://d-nb.info/standards/elementset/gnd#familialRelationship</subfield>
      <subfield code="w">r</subfield>
      <subfield code="i">Beziehung familiaer</subfield>
      <subfield code="e">Beziehung familiaer</subfield>
      <subfield code="9">v:Mutter</subfield>
    </datafield>
    <datafield tag="500" ind1="0" ind2=" ">
      <subfield code="0">(DE-101)123437849</subfield>
      <subfield code="0">(DE-588)123437849</subfield>
      <subfield code="0">https://d-nb.info/gnd/123437849</subfield>
      <subfield code="a">Albrecht</subfield>
      <subfield code="b">I.</subfield>
      <subfield code="c">Bayern-Straubing, Herzog</subfield>
      <subfield code="d">1336-1404</subfield>
      <subfield code="4">bezf</subfield>
      <subfield code="4">https://d-nb.info/standards/elementset/gnd#familialRelationship</subfield>
      <subfield code="w">r</subfield>
      <subfield code="i">Beziehung familiaer</subfield>
      <subfield code="e">Beziehung familiaer</subfield>
      <subfield code="9">v:1. Schwiegervater</subfield>
    </datafield>
    <datafield tag="500" ind1="0" ind2=" ">
      <subfield code="0">(DE-101)1081296739</subfield>
      <subfield code="0">(DE-588)1081296739</subfield>
      <subfield code="0">https://d-nb.info/gnd/1081296739</subfield>
      <subfield code="a">Johanna</subfield>
      <subfield code="c">von Bayern</subfield>
      <subfield code="d">1362-1386</subfield>
      <subfield code="4">bezf</subfield>
      <subfield code="4">https://d-nb.info/standards/elementset/gnd#familialRelationship</subfield>
      <subfield code="w">r</subfield>
      <subfield code="i">Beziehung familiaer</subfield>
      <subfield code="e">Beziehung familiaer</subfield>
      <subfield code="9">v:1. Ehefrau 1370-1386</subfield>
    </datafield>
    <datafield tag="500" ind1="0" ind2=" ">
      <subfield code="0">(DE-101)134289560</subfield>
      <subfield code="0">(DE-588)134289560</subfield>
      <subfield code="0">https://d-nb.info/gnd/134289560</subfield>
      <subfield code="a">Johann</subfield>
      <subfield code="b">II.</subfield>
      <subfield code="c">Bayern, Herzog</subfield>
      <subfield code="d">1341-1397</subfield>
      <subfield code="4">bezf</subfield>
      <subfield code="4">https://d-nb.info/standards/elementset/gnd#familialRelationship</subfield>
      <subfield code="w">r</subfield>
      <subfield code="i">Beziehung familiaer</subfield>
      <subfield code="e">Beziehung familiaer</subfield>
      <subfield code="9">v:2. Schwiegervater</subfield>
    </datafield>
    <datafield tag="500" ind1="0" ind2=" ">
      <subfield code="0">(DE-101)137989024</subfield>
      <subfield code="0">(DE-588)137989024</subfield>
      <subfield code="0">https://d-nb.info/gnd/137989024</subfield>
      <subfield code="a">Sophie</subfield>
      <subfield code="c">Heiliges Römisches Reich, Königin</subfield>
      <subfield code="d">1376-1428</subfield>
      <subfield code="4">bezf</subfield>
      <subfield code="4">https://d-nb.info/standards/elementset/gnd#familialRelationship</subfield>
      <subfield code="w">r</subfield>
      <subfield code="i">Beziehung familiaer</subfield>
      <subfield code="e">Beziehung familiaer</subfield>
      <subfield code="9">v:2. Ehefrau ab 1389-1419</subfield>
    </datafield>
    <datafield tag="500" ind1="0" ind2=" ">
      <subfield code="0">(DE-101)118558013</subfield>
      <subfield code="0">(DE-588)118558013</subfield>
      <subfield code="0">https://d-nb.info/gnd/118558013</subfield>
      <subfield code="a">Jan</subfield>
      <subfield code="c">Nepomucký</subfield>
      <subfield code="d">1350-1393</subfield>
      <subfield code="4">bezb</subfield>
      <subfield code="4">https://d-nb.info/standards/elementset/gnd#professionalRelationship</subfield>
      <subfield code="w">r</subfield>
      <subfield code="i">Beziehung beruflich</subfield>
      <subfield code="e">Beziehung beruflich</subfield>
    </datafield>
    <datafield tag="548" ind1=" " ind2=" ">
      <subfield code="a">1361-1419</subfield>
      <subfield code="4">datl</subfield>
      <subfield code="4">https://d-nb.info/standards/elementset/gnd#dateOfBirthAndDeath</subfield>
      <subfield code="w">r</subfield>
      <subfield code="i">Lebensdaten</subfield>
    </datafield>
    <datafield tag="550" ind1=" " ind2=" ">
      <subfield code="0">(DE-101)040315169</subfield>
      <subfield code="0">(DE-588)4031516-2</subfield>
      <subfield code="0">https://d-nb.info/gnd/4031516-2</subfield>
      <subfield code="a">König</subfield>
      <subfield code="4">adel</subfield>
      <subfield code="4">https://d-nb.info/standards/elementset/gnd#titleOfNobility</subfield>
      <subfield code="w">r</subfield>
      <subfield code="i">Adelstitel</subfield>
    </datafield>
    <datafield tag="551" ind1=" " ind2=" ">
      <subfield code="0">(DE-101)040427420</subfield>
      <subfield code="0">(DE-588)4042742-0</subfield>
      <subfield code="0">https://d-nb.info/gnd/4042742-0</subfield>
      <subfield code="a">Nürnberg</subfield>
      <subfield code="4">ortg</subfield>
      <subfield code="4">https://d-nb.info/standards/elementset/gnd#placeOfBirth</subfield>
      <subfield code="w">r</subfield>
      <subfield code="i">Geburtsort</subfield>
    </datafield>
    <datafield tag="551" ind1=" " ind2=" ">
      <subfield code="0">(DE-101)1044191546</subfield>
      <subfield code="0">(DE-588)1044191546</subfield>
      <subfield code="0">https://d-nb.info/gnd/1044191546</subfield>
      <subfield code="a">Prag-Kunratice</subfield>
      <subfield code="4">orts</subfield>
      <subfield code="4">https://d-nb.info/standards/elementset/gnd#placeOfDeath</subfield>
      <subfield code="w">r</subfield>
      <subfield code="i">Sterbeort</subfield>
    </datafield>
    <datafield tag="667" ind1=" " ind2=" ">
      <subfield code="a">VD-17</subfield>
    </datafield>
    <datafield tag="670" ind1=" " ind2=" ">
      <subfield code="a">Wikipedia</subfield>
      <subfield code="b">Stand:7.2.2017</subfield>
      <subfield code="u">https://de.wikipedia.org/wiki/Wenzel_%28HRR%29</subfield>
    </datafield>
    <datafield tag="670" ind1=" " ind2=" ">
      <subfield code="a">DbA (WBIS)</subfield>
    </datafield>
    <datafield tag="670" ind1=" " ind2=" ">
      <subfield code="a">Deutsche Biographie</subfield>
      <subfield code="u">http://www.deutsche-biographie.de</subfield>
    </datafield>
    <datafield tag="670" ind1=" " ind2=" ">
      <subfield code="a">M; Potth. 1110; LMA,VIII,2190/91</subfield>
    </datafield>
    <datafield tag="678" ind1=" " ind2=" ">
      <subfield code="b">1373-1378 Kurfürst von Brandenburg, 1376-1400 Römisch-deutscher König (1400 abgewählt), 1378-1419 König von Böhmen, 1383-1388 Herzog von Luxemburg; 1893 verantwortlich für die Ermordung des Prager Generalvikars Johannes Nepomuk</subfield>
    </datafield>
    <datafield tag="913" ind1=" " ind2=" ">
      <subfield code="S">pnd</subfield>
      <subfield code="i">5</subfield>
      <subfield code="a">Wenzel &lt;Römisch-Deutsches Reich, König&gt;</subfield>
      <subfield code="0">(DE-588a)118631349</subfield>
    </datafield>
  </record>
